% Encoding: UTF-8

@InBook{hid-sp18-404-Kakadia2015,
  chapter   = {1},
  pages     = {16-230},
  title     = {Apache Mesos Essentials},
  publisher = {Packt Publishing},
  year      = {2015},
  author    = {Dharmesh Kakadia},
  editor    = {Packt Publishing},
}

@Misc{hid-sp18-404-Ivanovic2016,
  author       = {Ivana Ivanovic},
  title        = {Kubernetes vs. Mesos vs. Swarm - An Opinionated Discussion},
  howpublished = {Docker Containers, DOXLON, Docker},
  year         = {2016},
  url          = {https://blog.outlyer.com/kubernetes-vs.-mesos-vs.-swarm},
}

@Misc{hid-sp18-404-Yegulalp2016,
  author       = {Serdar Yegulalp},
  title        = {Apache Mesos users focus on big data, containers},
  howpublished = {InfoWorld Tech Watch},
  month        = nov,
  year         = {2016},
  url          = {https://www.infoworld.com/article/3137578/application-virtualization/apache-mesos-users-focus-on-big-data-containers.html},
}

@Misc{hid-sp18-404-Narkhede2015,
  author       = {Neha Narkhede},
  title        = {Making Apache Kafka Elastic With Apache Mesos},
  howpublished = {Confluent},
  month        = jul,
  year         = {2015},
  url          = {https://www.confluent.io/blog/making-apache-kafka-elastic-with-apache-mesos/},
}

@Misc{hid-sp18-404-Vanderzyden2015,
  author       = {John Vanderzyden},
  title        = {What is Elastisearch, and How Can I Use It?},
  howpublished = {Qbox},
  month        = sep,
  year         = {2015},
  url          = {https://qbox.io/blog/what-is-elasticsearch},
}

@Misc{hid-sp18-404-Winder15,
  author       = {Philip Winder},
  title        = {Reasons to use Apache Mesos Frameworks},
  howpublished = {CS blog},
  month        = sep,
  year         = {2015},
  url          = {http://container-solutions.com/reasons-use-apache-mesos-frameworks/},
}

@Misc{hid-sp18-404-Mae2018,
  author       = {Ion Mae},
  title        = {Q\&A with Mesosphere: on Apache Mesos and the Mesosphere DC/OS},
  howpublished = {SourceForge},
  month        = feb,
  year         = {2018},
  note         = {SourceForge Articles},
  url          = {https://sourceforge.net/articles/qa-mesosphere-apache-mesos-mesosphere-datacenter-operating-system/},
}

@Misc{hid-sp18-404-Denman2017,
  author       = {James Denman},
  title        = {How to Get Started with Apache Mesos, Marathon, and ZooKeeper},
  howpublished = {Medium},
  month        = jan,
  year         = {2017},
  url          = {https://medium.com/@GetLevvel/how-to-get-started-with-apache-mesos-marathon-and-zookeeper-24fb72d76cf9},
}

@Comment{jabref-meta: databaseType:bibtex;}
